<?xml version="1.0" encoding="UTF-8"?><collection xmlns="http://www.loc.gov/MARC21/slim"><record><leader>00310nam--2200133-i-4500</leader><controlfield tag="001">000011639</controlfield><controlfield tag="002">20161230</controlfield><controlfield tag="005">20161230201029</controlfield><controlfield tag="008">060222s1000------------r-----000-0-eng-d</controlfield><datafield ind1=" " ind2=" " tag="245"><subfield code="a">Magnetic oxides</subfield></datafield><datafield ind1=" " ind2=" " tag="260"><subfield code="a">London, John Wiley &amp; Sons,1975</subfield></datafield><datafield ind1=" " ind2=" " tag="490"><subfield code="a">Xxi+482p</subfield></datafield><datafield ind1=" " ind2=" " tag="700"><subfield code="a">Craik, D.J</subfield></datafield><datafield ind1=" " ind2=" " tag="852"><subfield code="a">54.31:537.622</subfield></datafield></record></collection>